@inproceedings{David2010TheAC,
  title={The Average Complexity of Moore's State Minimization Algorithm Is O(n log log n)},
  author={Julien David},
  booktitle={International Symposium on Mathematical Foundations of Computer Science},
  year={2010},
  url={https://api.semanticscholar.org/CorpusID:9900076}
}
